@inproceedings{berry_fire_2007,
	address = {New Orleans, Louisiana},
	title = {Fire {Damage} {Remediation} of a {Steel} {Box} {Aerial} {Guideway} {Girder} on {Miami}-{Dade} {Transit}’s {Metrorail} {System}},
	publisher = {American Institute of Steel Construction},
	author = {Berry, Allan J. and George, Edward S. and Price, Nathaniel B.},
	month = dec,
	year = {2007}
}

@inproceedings{price_design_2012,
	address = {Gainesville, Florida},
	title = {Design {Study} on {Stability} \& {Safety} of {Median} {Sternotomy} {Fixation}},
	volume = {79},
	urldate = {2014-05-06},
	publisher = {American Society of Biomechanics},
	author = {Price, Nathaniel B. and Kim, Nam H. and Wilcox, Bryan and Hatcher, Brian},
	month = aug,
	year = {2012},
	pages = {67}
}

@inproceedings{price_deciding_2014,
	address = {National Harbor, Maryland},
	title = {Deciding {How} {Conservative} {A} {Designer} {Should} {Be}: {Simulating} {Future} {Tests} and {Redesign}},
	shorttitle = {Deciding {How} {Conservative} {A} {Designer} {Should} {Be}},
	urldate = {2014-05-06},
	booktitle = {16th {AIAA} {Non}-{Deterministic} {Approaches} {Conference}},
	publisher = {American Institute of Aeronautics and Astronautics},
	author = {Price, Nathaniel B. and Matsumura, Taiki and Haftka, Raphael T. and Kim, Nam Ho},
	month = jan,
	year = {2014}
}

@inproceedings{price_effects_2012,
	address = {Atlanta, Georgia},
	title = {The {Effects} of {Cortical} {Thickness}, {Bone} {Strength}, \& {Screw} {Length} on {Rigid} {Sternal} {Fixation} {Stability}},
	publisher = {Biomedical Engineering Society},
	author = {Price, Nathaniel B. and Kim, Nam Ho and Wilcox, Bryan and Hatcher, Brian},
	month = oct,
	year = {2012}
}

@incollection{balesdent_space_2016,
	title = {Space vehicle design taking into account multidisciplinary couplings and mixed epistemic / aleatory uncertainties},
	booktitle = {Space {Engineering}: {Modeling} and {Optimization} with {Case} {Studies}},
	publisher = {Springer},
	author = {Balesdent, Mathieu and Brevault, Loïc and Price, Nathaniel and Defoort, Sebastien and Le Riche, Rodolphe and Kim, Nam H. and Haftka, Raphael and Bérend, Nicolas},
	year = {2016}}
}

@inproceedings{price_simulating_nodate,
	title = {Simulating {Future} {Test} and {Redesign} {Considering} {Epistemic} {Model} {Uncertainty}},
	url = {https://arc.aiaa.org/doi/abs/10.2514/6.2016-0950},
	urldate = {2018-01-16},
	booktitle = {18th {AIAA} {Non}-{Deterministic} {Approaches} {Conference}},
	publisher = {American Institute of Aeronautics and Astronautics},
	author = {Price, Nathaniel B. and Balesdent, Mathieu and Defoort, Sébastien and Riche, Rodolphe Le and Kim, Nam Ho and Haftka, Raphael T.},
	doi = {10.2514/6.2016-0950}
}

@incollection{balesdent_advanced_2016,
	series = {Springer {Optimization} and {Its} {Applications}},
	title = {Advanced {Space} {Vehicle} {Design} {Taking} into {Account} {Multidisciplinary} {Couplings} and {Mixed} {Epistemic}/{Aleatory} {Uncertainties}},
	isbn = {978-3-319-41506-2 978-3-319-41508-6},
	url = {https://link.springer.com/chapter/10.1007/978-3-319-41508-6_1},
	language = {en},
	urldate = {2018-01-16},
	booktitle = {Space {Engineering}},
	publisher = {Springer, Cham},
	author = {Balesdent, Mathieu and Brevault, Loïc and Price, Nathaniel B. and Defoort, Sébastien and Riche, Rodolphe Le and Kim, Nam-Ho and Haftka, Raphael T. and Bérend, Nicolas},
	year = {2016},
	doi = {10.1007/978-3-319-41508-6_1},
	pages = {1--48}
}

@article{chaudhuri_nasa_2015,
	title = {{NASA} {Uncertainty} {Quantification} {Challenge}: {An} {Optimization}-{Based} {Methodology} and {Validation}},
	volume = {12},
	shorttitle = {{NASA} {Uncertainty} {Quantification} {Challenge}},
	url = {https://doi.org/10.2514/1.I010269},
	doi = {10.2514/1.I010269},
	number = {1},
	urldate = {2018-01-16},
	journal = {Journal of Aerospace Information Systems},
	author = {Chaudhuri, Anirban and Waycaster, Garrett and Price, Nathaniel and Matsumura, Taiki and Haftka, Raphael T.},
	year = {2015},
	pages = {10--34}
}

@inproceedings{chaudhuri_framework_nodate,
	title = {Framework for {Quantification} and {Risk} {Analysis} for {Layered} {Uncertainty} using {Optimization}: {NASA} {UQ} {Challenge}},
	shorttitle = {Framework for {Quantification} and {Risk} {Analysis} for {Layered} {Uncertainty} using {Optimization}},
	url = {https://arc.aiaa.org/doi/abs/10.2514/6.2014-1498},
	urldate = {2018-01-16},
	booktitle = {16th {AIAA} {Non}-{Deterministic} {Approaches} {Conference}},
	publisher = {American Institute of Aeronautics and Astronautics},
	author = {Chaudhuri, Anirban and Waycaster, Garrett and Matsumura, Taiki and Price, Nathaniel B. and Haftka, Raphael T.},
	doi = {10.2514/6.2014-1498}
}