
@misc{price_radsets_2019,
	title = {radsets - {An} {R} {Package} for creating {Radial} {Sets} diagrams},
	url = {https://natbprice.github.io/radsets/},
	author = {Price, Nathaniel and Chizinski, Christopher and Burnett, Jessica},
	month = mar,
	year = {2019},
	note = {(lifecycle: experimental)}
}

@misc{price_tvdiff_2019,
	title = {tvdiff - {An} {R} {Package} for performing total variation regularized differentiation},
	url = {https://github.com/natbprice/tvdiff},
	author = {Price, Nathaniel and Burnett, Jessica},
	month = mar,
	year = {2019},
	note = {(lifecycle: experimental)}
}