@phdthesis{nguyen_house_2021,
	address = {Milwaukee, Wisconsin},
	title = {{House} {Prices} and {Credit} {Cycles}},
	school = {University of Wisconsin - Milwaukee},
	author = {Nguyen,Nam},
	year = {2021},
}

@phdthesis{kishor_measuring_2022,
	address = {Milwaukee, Wisconsin},
	title = {{Measuring} {Credit} {Gap}},
	school = {University of Wisconsin - Milwaukee},
	author = {Kishor, Kundan and Nguyen, Nam},
	year = {2022},
}

@phdthesis{nguyen_identifying_2022,
	address = {Milwaukee, Wisconsin},
	title = {{Identifying} {Unsustainable} {Credit} {Gap} - {working paper}},
	school = {University of Wisconsin - Milwaukee},
	author = {Nguyen, Nam},
	year = {2022},
}
